
@article{benjamini1995fdr,
  title={Controlling the false discovery rate: a practical and powerful approach to multiple testing},
  author={Benjamini, Yoav and Hochberg, Yosef},
  journal={Journal of the Royal Statistical Society: Series B},
  year={1995}
}

@misc{sr11_7,
  title={Supervisory Guidance on Model Risk Management (SR 11-7)},
  author={Board of Governors of the Federal Reserve System},
  year={2011}
}
